@article{moosavi2019countrywide,
  title={A Countrywide Traffic Accident Dataset},
  author={Moosavi, Sobhan and Samavatian, Mohammad Hossein and Parthasarathy, Srinivasan and Ramnath, Rajiv},
  journal={arXiv preprint arXiv:1906.05409},
  year={2019}
}
@inproceedings{moosavi2019accident,
  title={Accident Risk Prediction based on Heterogeneous Sparse Data: New Dataset and Insights},
  author={Moosavi, Sobhan and Samavatian, Mohammad Hossein and Parthasarathy, Srinivasan and Teodorescu, Radu and Ramnath, Rajiv},
  booktitle={Proceedings of the 27th ACM SIGSPATIAL International Conference on Advances in Geographic Information Systems},
  pages={33--42},
  year={2019}
}