

	
@misc{vandeschoot2020open,
      title={Open Source Software for Efficient and Transparent Reviews}, 
      author={Rens van de Schoot and Jonathan de Bruin and Raoul Schram and Parisa Zahedi and Jan de Boer and Felix Weijdema and Bianca Kramer and Martijn Huijts and Maarten Hoogerwerf and Gerbrich Ferdinands and Albert Harkema and Joukje Willemsen and Yongchao Ma and Qixiang Fang and Sybren Hindriks and Lars Tummers and Daniel Oberski},
      year={2020},
      eprint={2006.12166},
      archivePrefix={arXiv},
      primaryClass={cs.IR}
}
