@article{raghu,
  title={Multiple imputation for statistical disclosure limitation},
  author={Raghunathan, Trivellore E and Reiter, Jerome P and Rubin, Donald B},
  journal={Journal of official statistics},
  volume={19},
  number={1},
  pages={1},
  year={2003},
  publisher={Statistics Sweden (SCB)}
}