@misc{cbs2020part,
 author = "{Centraal Bureau voor de Statistiek}",
 title = {Dashboard beroepsbevolking: Deeltijd},
 url = {https://www.cbs.nl/nl-nl/visualisaties/dashboard-beroepsbevolking/deeltijd},
 lastchecked = {11.18.2020},
 year={2020}
}

@misc{cbs2020gap,
 author = "{Centraal Bureau voor de Statistiek}",
 title = {Gender pay gap still narrowing},
 url = {https://www.cbs.nl/en-gb/news/2020/18/gender-pay-gap-still-narrowing},
 lastchecked = {01.07.2021},
 year={2020}
}
