@article{pope2012,
	title = {Crime and property values: Evidence from the 1990s crime drop},
     	author = {Pope, D G and Pope, J C},
     	journal = {Regional Science and Urban Economics},
     	volume = {42},
	number = {1-2},
       	pages = {177-188},
        year = {2012}
}