@article{elduderino,
  title={wisdoms},
  author={walter},
}

