

@misc{datahub_2018, 
	title={ATP World Tour tennis data}, 
	url={https://datahub.io/sports-data/atp-world-tour-tennis-data}, 
	journal={DataHub}, 
	author={DataHub}, 
	year={2018}} 
	
@misc{factfile_2020,
	title={73 Interesting Facts About Tennis}, 
	url={https://thefactfile.org/tennis-facts/},
	journal={thefactfile}, 
	author={TheFactfile}, 
	year={2020}}