@Book{xie2015,
  title = {Dynamic Documents with {R} and knitr},
  author = {Yihui Xie},
  publisher = {Chapman and Hall/CRC},
  address = {Boca Raton, Florida},
  year = {2015},
  edition = {2nd},
  note = {ISBN 978-1498716963},
  url = {http://yihui.org/knitr/},
}
@Article{ferrari2000,
  title = {Toward an understanding of academic and nonacademic tasks procrastinated by students: The use of daily logs.},
  author = {Ferrari, J. R., & Scher, S. J.},
  publisher = {Psychology in the Schools},
  year = {2000},
  url = {https://onlinelibrary.wiley.com/doi/pdf/10.1002/1520-6807%28200007%2937%3A4%3C367%3A%3AAID-PITS7%3E3.0.CO%3B2-Y?casa_token=XENS3fuCq34AAAAA:4wyvBcPw9Sd2U5P-TLxyLsPEVlVODXJMJfzQ-vXxSO3K6OrzsGqFrA3ggRJlVaxeazz2KrpvHtrM5Pzc},}
  
@article{einstein,
    author =       {Ferrari and Scher},
    title =        {Toward an understanding of academic and nonacademic tasks procrastinated by students. The use of daily logs.},
    journal =      {Psychology in the Schools},
    volume =       {37},
    number =       {4},
    pages =        {359--366},
    year =         {2000},
    DOI =          {https://onlinelibrary.wiley.com/doi/pdf/10.1002/1520-6807%28200007%2937%3A4%3C367%3A%3AAID-PITS7%3E3.0.CO%3B2-Y?casa_token=XENS3fuCq34AAAAA:4wyvBcPw9Sd2U5P-TLxyLsPEVlVODXJMJfzQ-vXxSO3K6OrzsGqFrA3ggRJlVaxeazz2KrpvHtrM5Pzc},
}
